@misc{lineartrans,
  author       = {HIWIN - motion conrol and system technology}, 
  title        = {Linear Guideways},
  year         = {2017},
  note         = {Accessed: 06-05-2019},
  url          = {http://pdf.directindustry.com/pdf/vestas/vestas-v164-70-mw-offshore/20680-244371-_8.html}
}

@misc{lecturesheets,
  author       = {Dannis Brouwer}, 
  title        = {Lectures on the DPPM-course, UTwente},
  year         = {2019},
  month        = {January-March},
  howpublished = {Canvas}
}
@article{magneticbearing,
author = {Marcsa, Daniel},
year = {2019},
month = {05},
pages = {},
title = {Computer-Aided Design and Analysis of a Three-Pole Radial Magnetic Bearing}
}