@article{Jafarzadeh2018ControlSystem,
    title = {{Control of TCP muscles using Takagi–Sugeno–Kang fuzzy inference system}},
    year = {2018},
    journal = {Mechatronics},
    author = {Jafarzadeh, Mohsen and Gans, Nicholas and Tadesse, Yonas},
    month = {8},
    pages = {124--139},
    volume = {53},
    url = {https://linkinghub.elsevier.com/retrieve/pii/S0957415818300965},
    doi = {10.1016/j.mechatronics.2018.06.007},
    issn = {09574158}
}

@article{ElectricDevices,
    title = {{Electric Micro Linear Actuators - Actuonix Motion Devices}},
    journal = {www.actuonix.com},
    url = {http://www.actuonix.com}
}

@techreport{ElectromechanicalOverview,
    title = {{Electromechanical Linear Actuators Product Overview}},
    url = {https://www.parker.com/literature/Electromechanical%20Europe/Literature/192_490023_Linear_modules_catalog.pdf}
}

@article{FirgelliLifts,
    title = {{Firgelli voted best Linear Actuators, TV Lifts {\&}amp; desk Lifts}},
    journal = {www.firgelliauto.com},
    url = {http://www.firgelliauto.com}
}

@misc{L-611Stage,
    title = {{L-611 Precision Rotation Stage}},
    url = {https://www.pi-usa.us/en/products/positioning-stages-linear-rotary-motorized-precision/motorized-rotary-stages-goniometers/l-611-precision-rotation-stage-1202002/#specification}
}

@misc{N-331Drive,
    title = {{N-331 PICMAWalk Walking Drive}},
    url = {https://www.pi-usa.us/en/products/linear-actuators-motorized-precision/n-331-picmawalk-walking-drive-1000705/#specification}
}

@misc{Q-632Stage,
    title = {{Q-632 Q-Motion{\textregistered} Rotation Stage}},
    url = {https://www.physikinstrumente.com/en/products/miniature-stages/miniature-rotation-stages/q-632-q-motion-rotation-stage-111229/}
}

@article{UnderwaterActuator,
    title = {{Underwater Linear Actuator}},
    journal = {Ultra Motion},
    url = {http://www.ultramotion.com/industries/underwater-linear-actuator/}
}

@misc{UPR-120Stage,
    title = {{UPR-120 Ultraprecision Rotation Stage}},
    url = {https://www.physikinstrumente.com/en/products/rotation-stages/upr-120-ultraprecision-rotation-stage-1205700/#specification}
}

@misc{V-277Actuator,
    title = {{V-277 PIMag{\textregistered} High-Load Linear Actuator}},
    url = {https://www.pi-usa.us/en/products/linear-actuators-motorized-precision/v-277-pimag-high-load-linear-actuator-1200202/}
}