@article{Dearden2018CylindricalPivots,
    title = {{Cylindrical cross-axis flexural pivots}},
    year = {2018},
    journal = {Precision Engineering},
    author = {Dearden, Jason and Grames, Clayton and Orr, Jason and Jensen, Brian D. and Magleby, Spencer P. and Howell, Larry L.},
    month = {1},
    pages = {604--613},
    volume = {51},
    publisher = {Elsevier},
    url = {https://www.sciencedirect.com/science/article/pii/S0141635916302690},
    doi = {10.1016/J.PRECISIONENG.2017.11.001},
    issn = {0141-6359}
}

@techreport{BrouwerELASTICDEFLECTION,
    title = {{ELASTIC ELEMENT SHOWING LOW STIFFNESS LOSS AT LARGE DEFLECTION}},
    author = {Brouwer, D M and Meijaard, J P and Jonker, J B},
    url = {https://ris.utwente.nl/ws/portalfiles/portal/5476577/2859.pdf},
    isbn = {0387519467}
}

@article{HeneinFlexureMechanisms,
    title = {{Flexure Pivot for Aerospace Mechanisms}},
    journal = {PROCEEDINGS OF THE 10TH ESMATS, ESA SP-524, 2003},
    author = {Henein, Simon and Henein, Simon and Spanoudakis, Peter and Droz, Serge and Myklebust, Leif I. and Onillon, Emmanuel},
    url = {http://citeseerx.ist.psu.edu/viewdoc/summary?doi=10.1.1.542.8369}
}

@misc{PrecisionParallel,
    title = {{Precision Point - Flexure guiding - 2 leaf springs in parallel}},
    url = {https://www.janssenprecisionengineering.com/page/flexure-guiding-2-leaf-springs-in-parallel/}
}

@article{Haringx1949TheElement,
    title = {{The cross-spring pivot as a constructional element}},
    year = {1949},
    journal = {Flow, Turbulence and Combustion},
    author = {Haringx, J. A.},
    number = {1},
    month = {12},
    pages = {313},
    volume = {1},
    publisher = {Springer Netherlands},
    url = {http://link.springer.com/10.1007/BF02120338},
    doi = {10.1007/BF02120338},
    issn = {1386-6184}
}