@techreport{Fowler2014Flex-16:Citation,
    title = {{Flex-16: A Large-Displacement Monolithic Compliant Rotational Hinge BYU ScholarsArchive Citation}},
    year = {2014},
    author = {Fowler, Robert Mcintyre and Maselli, Alex and Fowler, Robert and Mcintyre, ; and Maselli, Alex ; and Pluimers, Peter ; and Magleby, Spencer P ; and Howell, Larry L},
    url = {https://scholarsarchive.byu.edu/facpub}
}