@misc{TOXPRESSOTECHNIK4PRESSOTECHNIK,
    title = {{4 Column Hydraulic Press - 2 Column Press | TOX{\textregistered} PRESSOTECHNIK}},
    author = {{TOX PRESSOTECHNIK}},
    url = {https://vn.tox-pressotechnik.com/products/presses/press-frames/column-presses/}
}

@misc{NELSONAIRAirAir,
    title = {{Air Bearing Basics, Fundamentals | PI Nelson Air, Manufacturer of Air}},
    author = {{NELSON AIR}},
    url = {http://www.nelsonair.com/NA_primer.htm}
}

@misc{123RFBall54180420.,
    title = {{Ball Bearing Royalty Free Cliparts, Vectors, And Stock Illustration. Image 54180420.}},
    author = {{123RF}},
    url = {https://www.123rf.com/photo_54180420_stock-vector-ball-bearing.html}
}